[gd_scene load_steps=36 format=2]

[ext_resource path="res://Battle/BattleScene.gd" type="Script" id=1]
[ext_resource path="res://Battle/Assets/BattleMap.png" type="Texture" id=2]
[ext_resource path="res://Battle/Character Info.gd" type="Script" id=3]
[ext_resource path="res://TitleScreen/Assets/undefined-medium.ttf" type="DynamicFontData" id=4]
[ext_resource path="res://Battle/Chaxis.gd" type="Script" id=5]
[ext_resource path="res://Battle/Ember.gd" type="Script" id=6]
[ext_resource path="res://Battle/Kothar.gd" type="Script" id=7]
[ext_resource path="res://Battle/Peribit.gd" type="Script" id=8]
[ext_resource path="res://Battle/Attacks.gd" type="Script" id=9]
[ext_resource path="res://Battle/Enemy Info.gd" type="Script" id=10]
[ext_resource path="res://Overworld/Assets/Character Sprites/peribit be walkin.png" type="Texture" id=11]
[ext_resource path="res://Overworld/Assets/Character Sprites/chaxis be walkin.png" type="Texture" id=12]
[ext_resource path="res://Overworld/Assets/Character Sprites/Ember.png" type="Texture" id=13]
[ext_resource path="res://Overworld/Assets/Character Sprites/Kothar.png" type="Texture" id=14]
[ext_resource path="res://Battle/Assets/Spells/every attack that needs a separate animation or sprite.png" type="Texture" id=15]
[ext_resource path="res://Rock-Boi.png" type="Texture" id=16]
[ext_resource path="res://Support Scenes/Tarrasque.png" type="Texture" id=17]

[sub_resource type="DynamicFont" id=1]

size = 8
use_mipmaps = false
use_filter = true
font_data = ExtResource( 4 )
_sections_unfolded = [ "Font", "Settings" ]

[sub_resource type="DynamicFont" id=2]

size = 10
use_mipmaps = false
use_filter = false
font_data = ExtResource( 4 )
_sections_unfolded = [ "Font", "Settings" ]

[sub_resource type="Animation" id=3]

length = 2.0
loop = false
step = 1.0
tracks/0/type = "value"
tracks/0/path = NodePath("every attack that needs a separate animation or sprite:position")
tracks/0/interp = 1
tracks/0/loop_wrap = true
tracks/0/imported = false
tracks/0/enabled = true
tracks/0/keys = {
"times": PoolRealArray( 0.6 ),
"transitions": PoolRealArray( 1 ),
"update": 0,
"values": [ Vector2( 269.087, 95.8988 ) ]
}
tracks/1/type = "value"
tracks/1/path = NodePath("Players/Kothar:position")
tracks/1/interp = 1
tracks/1/loop_wrap = true
tracks/1/imported = false
tracks/1/enabled = true
tracks/1/keys = {
"times": PoolRealArray( 0, 0.6, 1.5, 1.75, 2 ),
"transitions": PoolRealArray( 1, 1, 1, 1, 1 ),
"update": 0,
"values": [ Vector2( 53.4846, 87.7179 ), Vector2( 269.907, 94.3771 ), Vector2( 269.907, 94.3771 ), Vector2( 160.269, 59.1787 ), Vector2( 53.4846, 87.7179 ) ]
}
tracks/2/type = "value"
tracks/2/path = NodePath("Players/Kothar:scale")
tracks/2/interp = 1
tracks/2/loop_wrap = true
tracks/2/imported = false
tracks/2/enabled = true
tracks/2/keys = {
"times": PoolRealArray( 0, 0.6, 0.8, 1 ),
"transitions": PoolRealArray( 1, 1, 1, 1 ),
"update": 0,
"values": [ Vector2( 0.25, 0.25 ), Vector2( 0.25, 0.25 ), Vector2( -0.25, 0.25 ), Vector2( 0.25, 0.25 ) ]
}
tracks/3/type = "value"
tracks/3/path = NodePath("every attack that needs a separate animation or sprite:scale")
tracks/3/interp = 1
tracks/3/loop_wrap = true
tracks/3/imported = false
tracks/3/enabled = true
tracks/3/keys = {
"times": PoolRealArray( 0, 0.59, 0.6, 1, 1.5 ),
"transitions": PoolRealArray( 1, 1, 1, 1, 1 ),
"update": 0,
"values": [ Vector2( 1e-005, 0.25 ), Vector2( 1e-005, 0.25 ), Vector2( 0.01, 0.25 ), Vector2( 0.25, 0.25 ), Vector2( 1e-005, 0.25 ) ]
}

[sub_resource type="Animation" id=4]

length = 0.8
loop = false
step = 1.0
tracks/0/type = "value"
tracks/0/path = NodePath("every attack that needs a separate animation or sprite:position")
tracks/0/interp = 1
tracks/0/loop_wrap = true
tracks/0/imported = false
tracks/0/enabled = true
tracks/0/keys = {
"times": PoolRealArray( 0, 0.6 ),
"transitions": PoolRealArray( 1, 1 ),
"update": 0,
"values": [ Vector2( 58.1345, 108.028 ), Vector2( 269.087, 95.8988 ) ]
}
tracks/1/type = "value"
tracks/1/path = NodePath(".")
tracks/1/interp = 1
tracks/1/loop_wrap = true
tracks/1/imported = false
tracks/1/enabled = true
tracks/1/keys = {
"times": PoolRealArray(  ),
"transitions": PoolRealArray(  ),
"update": 0,
"values": [  ]
}
tracks/2/type = "value"
tracks/2/path = NodePath("every attack that needs a separate animation or sprite:frame")
tracks/2/interp = 1
tracks/2/loop_wrap = true
tracks/2/imported = false
tracks/2/enabled = true
tracks/2/keys = {
"times": PoolRealArray( 0, 0.6 ),
"transitions": PoolRealArray( 1, 1 ),
"update": 1,
"values": [ 0, 0 ]
}
tracks/3/type = "value"
tracks/3/path = NodePath("every attack that needs a separate animation or sprite:scale")
tracks/3/interp = 1
tracks/3/loop_wrap = true
tracks/3/imported = false
tracks/3/enabled = true
tracks/3/keys = {
"times": PoolRealArray( 0, 0.6, 0.8 ),
"transitions": PoolRealArray( 1, 1, 1 ),
"update": 0,
"values": [ Vector2( 0.25, 0.25 ), Vector2( 0.25, 0.25 ), Vector2( 1e-005, 1e-005 ) ]
}

[sub_resource type="Animation" id=5]

length = 1.5
loop = false
step = 1.0
tracks/0/type = "value"
tracks/0/path = NodePath("every attack that needs a separate animation or sprite:position")
tracks/0/interp = 1
tracks/0/loop_wrap = true
tracks/0/imported = false
tracks/0/enabled = true
tracks/0/keys = {
"times": PoolRealArray( 0, 0.6, 1 ),
"transitions": PoolRealArray( 1, 1, 1 ),
"update": 0,
"values": [ Vector2( 64.9287, 69.851 ), Vector2( 63.9667, 72.2809 ), Vector2( 64.9373, 71.6338 ) ]
}
tracks/1/type = "value"
tracks/1/path = NodePath(".")
tracks/1/interp = 1
tracks/1/loop_wrap = true
tracks/1/imported = false
tracks/1/enabled = true
tracks/1/keys = {
"times": PoolRealArray(  ),
"transitions": PoolRealArray(  ),
"update": 0,
"values": [  ]
}
tracks/2/type = "value"
tracks/2/path = NodePath("every attack that needs a separate animation or sprite:frame")
tracks/2/interp = 1
tracks/2/loop_wrap = true
tracks/2/imported = false
tracks/2/enabled = true
tracks/2/keys = {
"times": PoolRealArray( 0, 0.6, 0.8, 1, 1.5 ),
"transitions": PoolRealArray( 1, 1, 1, 1, 1 ),
"update": 1,
"values": [ 6, 7, 6, 8, 7 ]
}
tracks/3/type = "value"
tracks/3/path = NodePath("every attack that needs a separate animation or sprite:scale")
tracks/3/interp = 1
tracks/3/loop_wrap = true
tracks/3/imported = false
tracks/3/enabled = true
tracks/3/keys = {
"times": PoolRealArray( 0, 1, 1.5 ),
"transitions": PoolRealArray( 1, 1, 1 ),
"update": 0,
"values": [ Vector2( 0.25, 0.25 ), Vector2( 0.25, 0.25 ), Vector2( 1e-005, 1e-005 ) ]
}

[sub_resource type="Animation" id=6]

length = 0.6
loop = false
step = 1.0
tracks/0/type = "value"
tracks/0/path = NodePath("every attack that needs a separate animation or sprite:position")
tracks/0/interp = 1
tracks/0/loop_wrap = true
tracks/0/imported = false
tracks/0/enabled = true
tracks/0/keys = {
"times": PoolRealArray( 0, 0.6 ),
"transitions": PoolRealArray( 1, 1 ),
"update": 0,
"values": [ Vector2( 44.8162, 103.747 ), Vector2( 269.087, 95.8988 ) ]
}
tracks/1/type = "value"
tracks/1/path = NodePath(".")
tracks/1/interp = 1
tracks/1/loop_wrap = true
tracks/1/imported = false
tracks/1/enabled = true
tracks/1/keys = {
"times": PoolRealArray(  ),
"transitions": PoolRealArray(  ),
"update": 0,
"values": [  ]
}
tracks/2/type = "value"
tracks/2/path = NodePath("every attack that needs a separate animation or sprite:frame")
tracks/2/interp = 1
tracks/2/loop_wrap = true
tracks/2/imported = false
tracks/2/enabled = true
tracks/2/keys = {
"times": PoolRealArray( 0, 0.6 ),
"transitions": PoolRealArray( 1, 1 ),
"update": 1,
"values": [ 2, 2 ]
}
tracks/3/type = "value"
tracks/3/path = NodePath("every attack that needs a separate animation or sprite:scale")
tracks/3/interp = 1
tracks/3/loop_wrap = true
tracks/3/imported = false
tracks/3/enabled = true
tracks/3/keys = {
"times": PoolRealArray( 0, 0.6 ),
"transitions": PoolRealArray( 1, 1 ),
"update": 0,
"values": [ Vector2( 0.1, 0.1 ), Vector2( 0.25, 0.25 ) ]
}

[sub_resource type="Animation" id=7]

resource_name = "EnemyMelee1"
length = 1.4
loop = false
step = 0.1
tracks/0/type = "value"
tracks/0/path = NodePath("Enemies/Enemy1:position")
tracks/0/interp = 1
tracks/0/loop_wrap = true
tracks/0/imported = false
tracks/0/enabled = true
tracks/0/keys = {
"times": PoolRealArray( 0, 0.8, 0.9, 1, 1.1, 1.4 ),
"transitions": PoolRealArray( 1, 1, 1, 1, 1, 1 ),
"update": 0,
"values": [ Vector2( 268.76, 74.4477 ), Vector2( -18.8614, 95.8009 ), Vector2( -20.0805, 199.188 ), Vector2( 342.506, 201.626 ), Vector2( 339.092, 78.2446 ), Vector2( 268.562, 74.4477 ) ]
}

[sub_resource type="Animation" id=8]

resource_name = "EnemyMelee2"
length = 1.4
loop = false
step = 0.1
tracks/0/type = "value"
tracks/0/path = NodePath("Enemies/Enemy2:position")
tracks/0/interp = 1
tracks/0/loop_wrap = true
tracks/0/imported = false
tracks/0/enabled = true
tracks/0/keys = {
"times": PoolRealArray( 0, 0.8, 0.9, 1, 1.1, 1.4 ),
"transitions": PoolRealArray( 1, 1, 1, 1, 1, 1 ),
"update": 0,
"values": [ Vector2( 276.413, 86.7731 ), Vector2( -18.7704, 100.27 ), Vector2( -27.9566, -48.8699 ), Vector2( 343.271, -25.6344 ), Vector2( 347.594, 78.1148 ), Vector2( 275.855, 84.9664 ) ]
}

[sub_resource type="Animation" id=9]

resource_name = "EnemyMelee3"
length = 1.4
loop = false
step = 0.1
tracks/0/type = "value"
tracks/0/path = NodePath("Enemies/Enemy3:position")
tracks/0/interp = 1
tracks/0/loop_wrap = true
tracks/0/imported = false
tracks/0/enabled = true
tracks/0/keys = {
"times": PoolRealArray( 0, 0.8, 0.9, 1, 1.1, 1.4 ),
"transitions": PoolRealArray( 1, 1, 1, 1, 1, 1 ),
"update": 0,
"values": [ Vector2( 283.774, 98.8383 ), Vector2( -21.2867, 106.385 ), Vector2( -20.8895, 204.895 ), Vector2( 354.875, 199.731 ), Vector2( 340.973, 95.2634 ), Vector2( 283.181, 98.8383 ) ]
}

[sub_resource type="Animation" id=10]

resource_name = "EnemyMelee4"
length = 1.4
loop = false
step = 0.1
tracks/0/type = "value"
tracks/0/path = NodePath("Enemies/Enemy4:position")
tracks/0/interp = 1
tracks/0/loop_wrap = true
tracks/0/imported = false
tracks/0/enabled = true
tracks/0/keys = {
"times": PoolRealArray( 0, 0.8, 0.9, 1, 1.1, 1.4 ),
"transitions": PoolRealArray( 1, 1, 1, 1, 1, 1 ),
"update": 0,
"values": [ Vector2( 291.136, 113.361 ), Vector2( -20.0298, 91.1349 ), Vector2( -57.855, -64.4888 ), Vector2( 365.787, -48.278 ), Vector2( 345.794, 114.911 ), Vector2( 291.136, 113.361 ) ]
}

[sub_resource type="Animation" id=11]

resource_name = "Melee2"
length = 2.0
loop = false
step = 0.1
tracks/0/type = "value"
tracks/0/path = NodePath("Players/Kothar:position")
tracks/0/interp = 1
tracks/0/loop_wrap = true
tracks/0/imported = false
tracks/0/enabled = true
tracks/0/keys = {
"times": PoolRealArray( 0, 0.8, 1, 1.2, 1.4, 1.6, 2 ),
"transitions": PoolRealArray( 1, 1, 1, 1, 1, 1, 1 ),
"update": 0,
"values": [ Vector2( 53.4846, 87.7179 ), Vector2( 260.223, 96.1298 ), Vector2( 259.899, 61.8352 ), Vector2( 278.34, 88.365 ), Vector2( 251.487, 69.9236 ), Vector2( 250.84, 89.9826 ), Vector2( 54.7788, 87.7179 ) ]
}

[sub_resource type="Animation" id=12]

length = 3.0
loop = false
step = 0.1
tracks/0/type = "value"
tracks/0/path = NodePath("Players/Chaxis:position")
tracks/0/interp = 1
tracks/0/loop_wrap = true
tracks/0/imported = false
tracks/0/enabled = true
tracks/0/keys = {
"times": PoolRealArray( 0, 0.3, 0.6, 0.8, 1, 1.2, 1.4, 1.6, 1.8, 2.1, 2.3, 2.5, 2.7 ),
"transitions": PoolRealArray( 1, 1, 1, 1, 1, 1, 1, 1, 1, 1, 1, 1, 1 ),
"update": 0,
"values": [ Vector2( 27.6843, 115.742 ), Vector2( 78.4791, 76.918 ), Vector2( 138.333, 54.5942 ), Vector2( 201.098, 73.0356 ), Vector2( 254.481, 95.3594 ), Vector2( 254.158, 68.1826 ), Vector2( 277.776, 96.0065 ), Vector2( 257.07, 76.2709 ), Vector2( 246.717, 93.7417 ), Vector2( 204.01, 69.4767 ), Vector2( 167.451, 57.1824 ), Vector2( 115.685, 82.0945 ), Vector2( 28.3314, 114.124 ) ]
}

[sub_resource type="Animation" id=13]

length = 2.0
loop = false
step = 0.1
tracks/0/type = "value"
tracks/0/path = NodePath("Players/Peribit:position")
tracks/0/interp = 1
tracks/0/loop_wrap = true
tracks/0/imported = false
tracks/0/enabled = true
tracks/0/keys = {
"times": PoolRealArray( 0, 0.8, 1, 1.2, 1.4, 1.6, 1.8, 2 ),
"transitions": PoolRealArray( 1, 1, 1, 1, 1, 1, 1, 1 ),
"update": 0,
"values": [ Vector2( 64.1389, 78.5088 ), Vector2( 271.2, 98.2443 ), Vector2( 266.024, 73.3323 ), Vector2( 280.259, 93.7149 ), Vector2( 254.377, 70.744 ), Vector2( 186.435, 57.1556 ), Vector2( 117.522, 65.891 ), Vector2( 66.4036, 77.8617 ) ]
}

[sub_resource type="Animation" id=14]

length = 0.6
loop = false
step = 1.0
tracks/0/type = "value"
tracks/0/path = NodePath("every attack that needs a separate animation or sprite:position")
tracks/0/interp = 1
tracks/0/loop_wrap = true
tracks/0/imported = false
tracks/0/enabled = true
tracks/0/keys = {
"times": PoolRealArray( 0, 0.6 ),
"transitions": PoolRealArray( 1, 1 ),
"update": 0,
"values": [ Vector2( 44.8162, 103.747 ), Vector2( 269.087, 95.8988 ) ]
}
tracks/1/type = "value"
tracks/1/path = NodePath(".")
tracks/1/interp = 1
tracks/1/loop_wrap = true
tracks/1/imported = false
tracks/1/enabled = true
tracks/1/keys = {
"times": PoolRealArray(  ),
"transitions": PoolRealArray(  ),
"update": 0,
"values": [  ]
}
tracks/2/type = "value"
tracks/2/path = NodePath("every attack that needs a separate animation or sprite:frame")
tracks/2/interp = 1
tracks/2/loop_wrap = true
tracks/2/imported = false
tracks/2/enabled = true
tracks/2/keys = {
"times": PoolRealArray( 0, 0.6 ),
"transitions": PoolRealArray( 1, 1 ),
"update": 1,
"values": [ 1, 1 ]
}
tracks/3/type = "value"
tracks/3/path = NodePath("every attack that needs a separate animation or sprite:scale")
tracks/3/interp = 1
tracks/3/loop_wrap = true
tracks/3/imported = false
tracks/3/enabled = true
tracks/3/keys = {
"times": PoolRealArray( 0, 0.6 ),
"transitions": PoolRealArray( 1, 1 ),
"update": 0,
"values": [ Vector2( 0.25, 0.25 ), Vector2( 0.25, 0.25 ) ]
}

[sub_resource type="Animation" id=15]

length = 1.5
loop = false
step = 1.0
tracks/0/type = "value"
tracks/0/path = NodePath("every attack that needs a separate animation or sprite:position")
tracks/0/interp = 1
tracks/0/loop_wrap = true
tracks/0/imported = false
tracks/0/enabled = true
tracks/0/keys = {
"times": PoolRealArray( 0, 0.6, 1 ),
"transitions": PoolRealArray( 1, 1, 1 ),
"update": 0,
"values": [ Vector2( 29.0165, 108.675 ), Vector2( 30.6427, 110.781 ), Vector2( 29.3486, 109.811 ) ]
}
tracks/1/type = "value"
tracks/1/path = NodePath(".")
tracks/1/interp = 1
tracks/1/loop_wrap = true
tracks/1/imported = false
tracks/1/enabled = true
tracks/1/keys = {
"times": PoolRealArray(  ),
"transitions": PoolRealArray(  ),
"update": 0,
"values": [  ]
}
tracks/2/type = "value"
tracks/2/path = NodePath("every attack that needs a separate animation or sprite:frame")
tracks/2/interp = 1
tracks/2/loop_wrap = true
tracks/2/imported = false
tracks/2/enabled = true
tracks/2/keys = {
"times": PoolRealArray( 0, 0.6, 0.8, 1, 1.5 ),
"transitions": PoolRealArray( 1, 1, 1, 1, 1 ),
"update": 1,
"values": [ 9, 10, 11, 10, 10 ]
}
tracks/3/type = "value"
tracks/3/path = NodePath("every attack that needs a separate animation or sprite:scale")
tracks/3/interp = 1
tracks/3/loop_wrap = true
tracks/3/imported = false
tracks/3/enabled = true
tracks/3/keys = {
"times": PoolRealArray( 0, 1, 1.5 ),
"transitions": PoolRealArray( 1, 1, 1 ),
"update": 0,
"values": [ Vector2( 0.25, 0.25 ), Vector2( 0.25, 0.25 ), Vector2( 1e-005, 1e-005 ) ]
}

[sub_resource type="Animation" id=16]

length = 7.0
loop = false
step = 0.1
tracks/0/type = "value"
tracks/0/path = NodePath("Node2D/Sprite:position")
tracks/0/interp = 1
tracks/0/loop_wrap = true
tracks/0/imported = false
tracks/0/enabled = true
tracks/0/keys = {
"times": PoolRealArray( 4.7, 5 ),
"transitions": PoolRealArray( 1, 1 ),
"update": 0,
"values": [ Vector2( -578.361, -1302.79 ), Vector2( -551.24, -277.96 ) ]
}

[sub_resource type="Animation" id=17]

length = 2.0
loop = false
step = 1.0
tracks/0/type = "value"
tracks/0/path = NodePath("every attack that needs a separate animation or sprite:position")
tracks/0/interp = 1
tracks/0/loop_wrap = true
tracks/0/imported = false
tracks/0/enabled = true
tracks/0/keys = {
"times": PoolRealArray( 0, 0.6, 1.7, 2 ),
"transitions": PoolRealArray( 1, 1, 1, 1 ),
"update": 0,
"values": [ Vector2( 58.4815, 87.6348 ), Vector2( 279.125, 91.597 ), Vector2( 279.125, 91.597 ), Vector2( 345.086, 62.2011 ) ]
}
tracks/1/type = "value"
tracks/1/path = NodePath(".")
tracks/1/interp = 1
tracks/1/loop_wrap = true
tracks/1/imported = false
tracks/1/enabled = true
tracks/1/keys = {
"times": PoolRealArray(  ),
"transitions": PoolRealArray(  ),
"update": 0,
"values": [  ]
}
tracks/2/type = "value"
tracks/2/path = NodePath("every attack that needs a separate animation or sprite:frame")
tracks/2/interp = 1
tracks/2/loop_wrap = true
tracks/2/imported = false
tracks/2/enabled = true
tracks/2/keys = {
"times": PoolRealArray( 0, 0.6, 0.7, 0.8, 1, 1.5, 1.7, 2 ),
"transitions": PoolRealArray( 1, 1, 1, 1, 1, 1, 1, 1 ),
"update": 1,
"values": [ 4, 4, 5, 4, 5, 4, 5, 4 ]
}
tracks/3/type = "value"
tracks/3/path = NodePath("every attack that needs a separate animation or sprite:scale")
tracks/3/interp = 1
tracks/3/loop_wrap = true
tracks/3/imported = false
tracks/3/enabled = true
tracks/3/keys = {
"times": PoolRealArray( 0, 0.6 ),
"transitions": PoolRealArray( 1, 1 ),
"update": 0,
"values": [ Vector2( 0.1, 0.1 ), Vector2( 0.25, 0.25 ) ]
}

[sub_resource type="SpriteFrames" id=18]

animations = [ {
"frames": [  ],
"loop": true,
"name": "default",
"speed": 5.0
}, {
"frames": [ ExtResource( 15 ) ],
"loop": true,
"name": "Cold Fire",
"speed": 5.0
} ]

[node name="BattleScene" type="Node2D"]

script = ExtResource( 1 )

[node name="Battle Map" type="Node2D" parent="." index="0"]

[node name="Sprite" type="Sprite" parent="Battle Map" index="0"]

position = Vector2( 160.372, 91.0863 )
scale = Vector2( 1.00289, 1.01104 )
z_index = -2
texture = ExtResource( 2 )
_sections_unfolded = [ "Z Index" ]

[node name="UI" type="Container" parent="Battle Map" index="1"]

anchor_left = 0.0
anchor_top = 0.0
anchor_right = 0.0
anchor_bottom = 0.0
margin_right = 321.0
margin_bottom = 183.0
rect_pivot_offset = Vector2( 0, 0 )
rect_clip_content = false
mouse_filter = 0
mouse_default_cursor_shape = 0
size_flags_horizontal = 1
size_flags_vertical = 1
_sections_unfolded = [ "Rect" ]

[node name="Character Info" type="Container" parent="Battle Map/UI" index="0"]

editor/display_folded = true
anchor_left = 0.0
anchor_top = 0.0
anchor_right = 0.0
anchor_bottom = 0.0
rect_pivot_offset = Vector2( 0, 0 )
rect_clip_content = false
mouse_filter = 0
mouse_default_cursor_shape = 0
size_flags_horizontal = 1
size_flags_vertical = 1
script = ExtResource( 3 )

[node name="Chaxis" type="Button" parent="Battle Map/UI/Character Info" index="0"]

anchor_left = 0.0
anchor_top = 0.0
anchor_right = 0.0
anchor_bottom = 0.0
margin_left = -2.0
margin_top = 134.0
margin_right = 88.0
margin_bottom = 154.0
rect_pivot_offset = Vector2( 0, 0 )
rect_clip_content = false
focus_mode = 2
mouse_filter = 0
mouse_default_cursor_shape = 0
size_flags_horizontal = 1
size_flags_vertical = 1
custom_fonts/font = SubResource( 1 )
custom_colors/font_color = Color( 0, 0, 0, 1 )
toggle_mode = false
action_mode = 0
enabled_focus_mode = 2
shortcut = null
group = null
text = "Chaxis"
flat = true
align = 0
script = ExtResource( 5 )
_sections_unfolded = [ "Visibility", "custom_colors", "custom_fonts" ]

[node name="Ember" type="Button" parent="Battle Map/UI/Character Info" index="1"]

anchor_left = 0.0
anchor_top = 0.0
anchor_right = 0.0
anchor_bottom = 0.0
margin_left = -2.0
margin_top = 144.0
margin_right = 88.0
margin_bottom = 164.0
rect_pivot_offset = Vector2( 0, 0 )
rect_clip_content = false
focus_mode = 2
mouse_filter = 0
mouse_default_cursor_shape = 0
size_flags_horizontal = 1
size_flags_vertical = 1
custom_fonts/font = SubResource( 1 )
custom_colors/font_color = Color( 0, 0, 0, 1 )
toggle_mode = false
action_mode = 0
enabled_focus_mode = 2
shortcut = null
group = null
text = "Ember"
flat = true
align = 0
script = ExtResource( 6 )
_sections_unfolded = [ "Visibility", "custom_colors", "custom_fonts" ]

[node name="Kothar" type="Button" parent="Battle Map/UI/Character Info" index="2"]

anchor_left = 0.0
anchor_top = 0.0
anchor_right = 0.0
anchor_bottom = 0.0
margin_left = -2.0
margin_top = 154.0
margin_right = 88.0
margin_bottom = 174.0
rect_pivot_offset = Vector2( 0, 0 )
rect_clip_content = false
focus_mode = 2
mouse_filter = 0
mouse_default_cursor_shape = 0
size_flags_horizontal = 1
size_flags_vertical = 1
custom_fonts/font = SubResource( 1 )
custom_colors/font_color = Color( 0, 0, 0, 1 )
toggle_mode = false
action_mode = 0
enabled_focus_mode = 2
shortcut = null
group = null
text = "Kothar"
flat = true
align = 0
script = ExtResource( 7 )
_sections_unfolded = [ "Visibility", "custom_colors", "custom_fonts" ]

[node name="Peribit" type="Button" parent="Battle Map/UI/Character Info" index="3"]

anchor_left = 0.0
anchor_top = 0.0
anchor_right = 0.0
anchor_bottom = 0.0
margin_left = -2.0
margin_top = 164.0
margin_right = 88.0
margin_bottom = 184.0
rect_pivot_offset = Vector2( 0, 0 )
rect_clip_content = false
focus_mode = 2
mouse_filter = 0
mouse_default_cursor_shape = 0
size_flags_horizontal = 1
size_flags_vertical = 1
custom_fonts/font = SubResource( 1 )
custom_colors/font_color = Color( 0, 0, 0, 1 )
toggle_mode = false
action_mode = 0
enabled_focus_mode = 2
shortcut = null
group = null
text = "Peribit"
flat = true
align = 0
script = ExtResource( 8 )
_sections_unfolded = [ "Visibility", "custom_colors", "custom_fonts" ]

[node name="Stats" type="Node2D" parent="Battle Map/UI/Character Info" index="4"]

editor/display_folded = true

[node name="HP" type="Node2D" parent="Battle Map/UI/Character Info/Stats" index="0"]

editor/display_folded = true

[node name="Chaxis2" type="Button" parent="Battle Map/UI/Character Info/Stats/HP" index="0"]

anchor_left = 0.0
anchor_top = 0.0
anchor_right = 0.0
anchor_bottom = 0.0
margin_left = 21.0
margin_top = 134.0
margin_right = 111.0
margin_bottom = 154.0
rect_pivot_offset = Vector2( 0, 0 )
rect_clip_content = false
focus_mode = 2
mouse_filter = 0
mouse_default_cursor_shape = 0
size_flags_horizontal = 1
size_flags_vertical = 1
custom_fonts/font = SubResource( 1 )
custom_colors/font_color = Color( 0.648438, 0.108917, 0.108917, 1 )
toggle_mode = false
enabled_focus_mode = 2
shortcut = null
group = null
text = "40/40"
flat = true
align = 1
_sections_unfolded = [ "Visibility", "custom_colors", "custom_fonts" ]

[node name="Ember2" type="Button" parent="Battle Map/UI/Character Info/Stats/HP" index="1"]

anchor_left = 0.0
anchor_top = 0.0
anchor_right = 0.0
anchor_bottom = 0.0
margin_left = 21.0
margin_top = 144.0
margin_right = 111.0
margin_bottom = 164.0
rect_pivot_offset = Vector2( 0, 0 )
rect_clip_content = false
focus_mode = 2
mouse_filter = 0
mouse_default_cursor_shape = 0
size_flags_horizontal = 1
size_flags_vertical = 1
custom_fonts/font = SubResource( 1 )
custom_colors/font_color = Color( 0.647059, 0.105882, 0.105882, 1 )
toggle_mode = false
enabled_focus_mode = 2
shortcut = null
group = null
text = "20/20"
flat = true
align = 1
_sections_unfolded = [ "Visibility", "custom_colors", "custom_fonts" ]

[node name="Kothar2" type="Button" parent="Battle Map/UI/Character Info/Stats/HP" index="2"]

anchor_left = 0.0
anchor_top = 0.0
anchor_right = 0.0
anchor_bottom = 0.0
margin_left = 21.0
margin_top = 154.0
margin_right = 111.0
margin_bottom = 174.0
rect_pivot_offset = Vector2( 0, 0 )
rect_clip_content = false
focus_mode = 2
mouse_filter = 0
mouse_default_cursor_shape = 0
size_flags_horizontal = 1
size_flags_vertical = 1
custom_fonts/font = SubResource( 1 )
custom_colors/font_color = Color( 0.647059, 0.105882, 0.105882, 1 )
toggle_mode = false
enabled_focus_mode = 2
shortcut = null
group = null
text = "30/30"
flat = true
align = 1
_sections_unfolded = [ "Visibility", "custom_colors", "custom_fonts" ]

[node name="Peribit2" type="Button" parent="Battle Map/UI/Character Info/Stats/HP" index="3"]

anchor_left = 0.0
anchor_top = 0.0
anchor_right = 0.0
anchor_bottom = 0.0
margin_left = 21.0
margin_top = 164.0
margin_right = 111.0
margin_bottom = 184.0
rect_pivot_offset = Vector2( 0, 0 )
rect_clip_content = false
focus_mode = 2
mouse_filter = 0
mouse_default_cursor_shape = 0
size_flags_horizontal = 1
size_flags_vertical = 1
custom_fonts/font = SubResource( 1 )
custom_colors/font_color = Color( 0.648438, 0.108917, 0.108917, 1 )
toggle_mode = false
enabled_focus_mode = 2
shortcut = null
group = null
text = "45/45"
flat = true
align = 1
_sections_unfolded = [ "Visibility", "custom_colors", "custom_fonts" ]

[node name="SP" type="Node2D" parent="Battle Map/UI/Character Info/Stats" index="1"]

editor/display_folded = true

[node name="Chaxis3" type="Button" parent="Battle Map/UI/Character Info/Stats/SP" index="0"]

anchor_left = 0.0
anchor_top = 0.0
anchor_right = 0.0
anchor_bottom = 0.0
margin_left = 56.0
margin_top = 134.0
margin_right = 146.0
margin_bottom = 154.0
rect_pivot_offset = Vector2( 0, 0 )
rect_clip_content = false
focus_mode = 2
mouse_filter = 0
mouse_default_cursor_shape = 0
size_flags_horizontal = 1
size_flags_vertical = 1
custom_fonts/font = SubResource( 1 )
custom_colors/font_color = Color( 0.119702, 0.106049, 0.542969, 1 )
toggle_mode = false
enabled_focus_mode = 2
shortcut = null
group = null
text = "10/10"
flat = true
align = 1
_sections_unfolded = [ "Visibility", "custom_colors", "custom_fonts" ]

[node name="Ember3" type="Button" parent="Battle Map/UI/Character Info/Stats/SP" index="1"]

anchor_left = 0.0
anchor_top = 0.0
anchor_right = 0.0
anchor_bottom = 0.0
margin_left = 56.0
margin_top = 144.0
margin_right = 146.0
margin_bottom = 164.0
rect_pivot_offset = Vector2( 0, 0 )
rect_clip_content = false
focus_mode = 2
mouse_filter = 0
mouse_default_cursor_shape = 0
size_flags_horizontal = 1
size_flags_vertical = 1
custom_fonts/font = SubResource( 1 )
custom_colors/font_color = Color( 0.119702, 0.106049, 0.542969, 1 )
toggle_mode = false
enabled_focus_mode = 2
shortcut = null
group = null
text = "30/30"
flat = true
align = 1
_sections_unfolded = [ "Visibility", "custom_colors", "custom_fonts" ]

[node name="Kothar3" type="Button" parent="Battle Map/UI/Character Info/Stats/SP" index="2"]

anchor_left = 0.0
anchor_top = 0.0
anchor_right = 0.0
anchor_bottom = 0.0
margin_left = 56.0
margin_top = 154.0
margin_right = 146.0
margin_bottom = 174.0
rect_pivot_offset = Vector2( 0, 0 )
rect_clip_content = false
focus_mode = 2
mouse_filter = 0
mouse_default_cursor_shape = 0
size_flags_horizontal = 1
size_flags_vertical = 1
custom_fonts/font = SubResource( 1 )
custom_colors/font_color = Color( 0.119702, 0.106049, 0.542969, 1 )
toggle_mode = false
enabled_focus_mode = 2
shortcut = null
group = null
text = "15/15"
flat = true
align = 1
_sections_unfolded = [ "Visibility", "custom_colors", "custom_fonts" ]

[node name="Peribit3" type="Button" parent="Battle Map/UI/Character Info/Stats/SP" index="3"]

anchor_left = 0.0
anchor_top = 0.0
anchor_right = 0.0
anchor_bottom = 0.0
margin_left = 56.0
margin_top = 164.0
margin_right = 146.0
margin_bottom = 184.0
rect_pivot_offset = Vector2( 0, 0 )
rect_clip_content = false
focus_mode = 2
mouse_filter = 0
mouse_default_cursor_shape = 0
size_flags_horizontal = 1
size_flags_vertical = 1
custom_fonts/font = SubResource( 1 )
custom_colors/font_color = Color( 0.119702, 0.106049, 0.542969, 1 )
toggle_mode = false
enabled_focus_mode = 2
shortcut = null
group = null
text = "30/30"
flat = true
align = 1
_sections_unfolded = [ "Visibility", "custom_colors", "custom_fonts" ]

[node name="Attacks" type="Container" parent="Battle Map/UI" index="1"]

editor/display_folded = true
anchor_left = 0.0
anchor_top = 0.0
anchor_right = 0.0
anchor_bottom = 0.0
rect_pivot_offset = Vector2( 0, 0 )
rect_clip_content = false
mouse_filter = 0
mouse_default_cursor_shape = 0
size_flags_horizontal = 1
size_flags_vertical = 1
script = ExtResource( 9 )

[node name="Attack 1" type="Button" parent="Battle Map/UI/Attacks" index="0"]

anchor_left = 0.0
anchor_top = 0.0
anchor_right = 0.0
anchor_bottom = 0.0
margin_left = 114.0
margin_top = 135.0
margin_right = 204.0
margin_bottom = 155.0
rect_pivot_offset = Vector2( 0, 0 )
rect_clip_content = false
focus_mode = 2
mouse_filter = 0
mouse_default_cursor_shape = 0
size_flags_horizontal = 1
size_flags_vertical = 1
custom_fonts/font = SubResource( 1 )
custom_colors/font_color = Color( 0, 0, 0, 1 )
toggle_mode = false
enabled_focus_mode = 2
shortcut = null
group = null
text = "Attack 1"
flat = true
align = 0
_sections_unfolded = [ "Visibility", "custom_colors", "custom_fonts" ]

[node name="Attack 2" type="Button" parent="Battle Map/UI/Attacks" index="1"]

anchor_left = 0.0
anchor_top = 0.0
anchor_right = 0.0
anchor_bottom = 0.0
margin_left = 114.0
margin_top = 149.0
margin_right = 204.0
margin_bottom = 169.0
rect_pivot_offset = Vector2( 0, 0 )
rect_clip_content = false
focus_mode = 2
mouse_filter = 0
mouse_default_cursor_shape = 0
size_flags_horizontal = 1
size_flags_vertical = 1
custom_fonts/font = SubResource( 1 )
custom_colors/font_color = Color( 0, 0, 0, 1 )
toggle_mode = false
enabled_focus_mode = 2
shortcut = null
group = null
text = "Attack 2"
flat = true
align = 0
_sections_unfolded = [ "Visibility", "custom_colors", "custom_fonts" ]

[node name="Attack 3" type="Button" parent="Battle Map/UI/Attacks" index="2"]

anchor_left = 0.0
anchor_top = 0.0
anchor_right = 0.0
anchor_bottom = 0.0
margin_left = 114.0
margin_top = 162.0
margin_right = 204.0
margin_bottom = 182.0
rect_pivot_offset = Vector2( 0, 0 )
rect_clip_content = false
focus_mode = 2
mouse_filter = 0
mouse_default_cursor_shape = 0
size_flags_horizontal = 1
size_flags_vertical = 1
custom_fonts/font = SubResource( 1 )
custom_colors/font_color = Color( 0, 0, 0, 1 )
toggle_mode = false
enabled_focus_mode = 2
shortcut = null
group = null
text = "Attack 3"
flat = true
align = 0
_sections_unfolded = [ "Visibility", "custom_colors", "custom_fonts" ]

[node name="Enemy Info" type="Container" parent="Battle Map/UI" index="2"]

anchor_left = 0.0
anchor_top = 0.0
anchor_right = 0.0
anchor_bottom = 0.0
rect_pivot_offset = Vector2( 0, 0 )
rect_clip_content = false
mouse_filter = 0
mouse_default_cursor_shape = 0
size_flags_horizontal = 1
size_flags_vertical = 1
script = ExtResource( 10 )

[node name="Chaxis2" type="Button" parent="Battle Map/UI/Enemy Info" index="0"]

anchor_left = 0.0
anchor_top = 0.0
anchor_right = 0.0
anchor_bottom = 0.0
margin_left = 217.0
margin_top = 134.0
margin_right = 307.0
margin_bottom = 154.0
rect_pivot_offset = Vector2( 0, 0 )
rect_clip_content = false
focus_mode = 2
mouse_filter = 0
mouse_default_cursor_shape = 0
size_flags_horizontal = 1
size_flags_vertical = 1
custom_fonts/font = SubResource( 1 )
custom_colors/font_color = Color( 0, 0, 0, 1 )
toggle_mode = false
enabled_focus_mode = 2
shortcut = null
group = null
text = "1"
flat = true
align = 0
_sections_unfolded = [ "Visibility", "custom_colors", "custom_fonts" ]

[node name="Ember2" type="Button" parent="Battle Map/UI/Enemy Info" index="1"]

anchor_left = 0.0
anchor_top = 0.0
anchor_right = 0.0
anchor_bottom = 0.0
margin_left = 217.0
margin_top = 144.0
margin_right = 307.0
margin_bottom = 164.0
rect_pivot_offset = Vector2( 0, 0 )
rect_clip_content = false
focus_mode = 2
mouse_filter = 0
mouse_default_cursor_shape = 0
size_flags_horizontal = 1
size_flags_vertical = 1
custom_fonts/font = SubResource( 1 )
custom_colors/font_color = Color( 0, 0, 0, 1 )
toggle_mode = false
enabled_focus_mode = 2
shortcut = null
group = null
text = "2"
flat = true
align = 0
_sections_unfolded = [ "Visibility", "custom_colors", "custom_fonts" ]

[node name="Kothar2" type="Button" parent="Battle Map/UI/Enemy Info" index="2"]

anchor_left = 0.0
anchor_top = 0.0
anchor_right = 0.0
anchor_bottom = 0.0
margin_left = 217.0
margin_top = 154.0
margin_right = 307.0
margin_bottom = 174.0
rect_pivot_offset = Vector2( 0, 0 )
rect_clip_content = false
focus_mode = 2
mouse_filter = 0
mouse_default_cursor_shape = 0
size_flags_horizontal = 1
size_flags_vertical = 1
custom_fonts/font = SubResource( 1 )
custom_colors/font_color = Color( 0, 0, 0, 1 )
toggle_mode = false
enabled_focus_mode = 2
shortcut = null
group = null
text = "3"
flat = true
align = 0
_sections_unfolded = [ "Visibility", "custom_colors", "custom_fonts" ]

[node name="Peribit2" type="Button" parent="Battle Map/UI/Enemy Info" index="3"]

anchor_left = 0.0
anchor_top = 0.0
anchor_right = 0.0
anchor_bottom = 0.0
margin_left = 217.0
margin_top = 164.0
margin_right = 307.0
margin_bottom = 184.0
rect_pivot_offset = Vector2( 0, 0 )
rect_clip_content = false
focus_mode = 2
mouse_filter = 0
mouse_default_cursor_shape = 0
size_flags_horizontal = 1
size_flags_vertical = 1
custom_fonts/font = SubResource( 1 )
custom_colors/font_color = Color( 0, 0, 0, 1 )
toggle_mode = false
enabled_focus_mode = 2
shortcut = null
group = null
text = "4"
flat = true
align = 0
_sections_unfolded = [ "Visibility", "custom_colors", "custom_fonts" ]

[node name="HP" type="Node2D" parent="Battle Map/UI/Enemy Info" index="4"]

[node name="1" type="Button" parent="Battle Map/UI/Enemy Info/HP" index="0"]

anchor_left = 0.0
anchor_top = 0.0
anchor_right = 0.0
anchor_bottom = 0.0
margin_left = 256.0
margin_top = 134.0
margin_right = 346.0
margin_bottom = 154.0
rect_pivot_offset = Vector2( 0, 0 )
rect_clip_content = false
focus_mode = 2
mouse_filter = 0
mouse_default_cursor_shape = 0
size_flags_horizontal = 1
size_flags_vertical = 1
custom_fonts/font = SubResource( 1 )
custom_colors/font_color = Color( 0.648438, 0.108917, 0.108917, 1 )
toggle_mode = false
enabled_focus_mode = 2
shortcut = null
group = null
text = "40/40"
flat = true
align = 1
_sections_unfolded = [ "Visibility", "custom_colors", "custom_fonts" ]

[node name="2" type="Button" parent="Battle Map/UI/Enemy Info/HP" index="1"]

anchor_left = 0.0
anchor_top = 0.0
anchor_right = 0.0
anchor_bottom = 0.0
margin_left = 256.0
margin_top = 144.0
margin_right = 346.0
margin_bottom = 164.0
rect_pivot_offset = Vector2( 0, 0 )
rect_clip_content = false
focus_mode = 2
mouse_filter = 0
mouse_default_cursor_shape = 0
size_flags_horizontal = 1
size_flags_vertical = 1
custom_fonts/font = SubResource( 1 )
custom_colors/font_color = Color( 0.647059, 0.105882, 0.105882, 1 )
toggle_mode = false
enabled_focus_mode = 2
shortcut = null
group = null
text = "20/20"
flat = true
align = 1
_sections_unfolded = [ "Visibility", "custom_colors", "custom_fonts" ]

[node name="3" type="Button" parent="Battle Map/UI/Enemy Info/HP" index="2"]

anchor_left = 0.0
anchor_top = 0.0
anchor_right = 0.0
anchor_bottom = 0.0
margin_left = 256.0
margin_top = 154.0
margin_right = 346.0
margin_bottom = 174.0
rect_pivot_offset = Vector2( 0, 0 )
rect_clip_content = false
focus_mode = 2
mouse_filter = 0
mouse_default_cursor_shape = 0
size_flags_horizontal = 1
size_flags_vertical = 1
custom_fonts/font = SubResource( 1 )
custom_colors/font_color = Color( 0.647059, 0.105882, 0.105882, 1 )
toggle_mode = false
enabled_focus_mode = 2
shortcut = null
group = null
text = "30/30"
flat = true
align = 1
_sections_unfolded = [ "Visibility", "custom_colors", "custom_fonts" ]

[node name="4" type="Button" parent="Battle Map/UI/Enemy Info/HP" index="3"]

anchor_left = 0.0
anchor_top = 0.0
anchor_right = 0.0
anchor_bottom = 0.0
margin_left = 256.0
margin_top = 164.0
margin_right = 346.0
margin_bottom = 184.0
rect_pivot_offset = Vector2( 0, 0 )
rect_clip_content = false
focus_mode = 2
mouse_filter = 0
mouse_default_cursor_shape = 0
size_flags_horizontal = 1
size_flags_vertical = 1
custom_fonts/font = SubResource( 1 )
custom_colors/font_color = Color( 0.648438, 0.108917, 0.108917, 1 )
toggle_mode = false
enabled_focus_mode = 2
shortcut = null
group = null
text = "45/45"
flat = true
align = 1
_sections_unfolded = [ "Visibility", "custom_colors", "custom_fonts" ]

[node name="Status Text" type="Label" parent="Battle Map/UI" index="3"]

anchor_left = 0.0
anchor_top = 0.0
anchor_right = 1.0
anchor_bottom = 0.0
margin_bottom = 10.0
rect_pivot_offset = Vector2( 0, 0 )
rect_clip_content = false
mouse_filter = 2
mouse_default_cursor_shape = 0
size_flags_horizontal = 1
size_flags_vertical = 4
custom_fonts/font = SubResource( 2 )
align = 1
valign = 1
percent_visible = 1.0
lines_skipped = 0
max_lines_visible = -1
_sections_unfolded = [ "Hint", "Visibility" ]

[node name="Enemies" type="Node2D" parent="." index="1"]

z_index = -1
_sections_unfolded = [ "Material", "Visibility", "Z Index" ]

[node name="Enemy1" type="Sprite" parent="Enemies" index="0"]

position = Vector2( 268.562, 74.4477 )
scale = Vector2( 0.25, 0.25 )
texture = ExtResource( 11 )
vframes = 2
hframes = 3
_sections_unfolded = [ "Animation", "Region", "Transform", "Visibility" ]

[node name="Enemy2" type="Sprite" parent="Enemies" index="1"]

position = Vector2( 275.855, 86.7731 )
scale = Vector2( 0.25, 0.25 )
texture = ExtResource( 11 )
vframes = 2
hframes = 3
_sections_unfolded = [ "Animation", "Region", "Transform" ]

[node name="Enemy3" type="Sprite" parent="Enemies" index="2"]

position = Vector2( 283.774, 98.8383 )
scale = Vector2( 0.25, 0.25 )
texture = ExtResource( 11 )
vframes = 2
hframes = 3
_sections_unfolded = [ "Animation", "Region", "Transform" ]

[node name="Enemy4" type="Sprite" parent="Enemies" index="3"]

position = Vector2( 291.136, 113.361 )
scale = Vector2( 0.25, 0.25 )
texture = ExtResource( 11 )
vframes = 2
hframes = 3
_sections_unfolded = [ "Animation", "Region", "Transform" ]

[node name="Players" type="Node2D" parent="." index="2"]

editor/display_folded = true
z_index = -1
_sections_unfolded = [ "Z Index" ]

[node name="Chaxis" type="Sprite" parent="Players" index="0"]

position = Vector2( 27.6843, 115.742 )
scale = Vector2( 0.25, 0.25 )
texture = ExtResource( 12 )
vframes = 4
hframes = 3
frame = 7
_sections_unfolded = [ "Animation", "Transform" ]

[node name="Ember" type="Sprite" parent="Players" index="1"]

position = Vector2( 41.204, 103.004 )
scale = Vector2( 0.25, 0.25 )
texture = ExtResource( 13 )
vframes = 4
hframes = 3
frame = 6
_sections_unfolded = [ "Animation", "Transform" ]

[node name="Kothar" type="Sprite" parent="Players" index="2"]

position = Vector2( 53.4846, 87.7179 )
scale = Vector2( 0.25, 0.25 )
texture = ExtResource( 14 )
vframes = 4
hframes = 3
frame = 7
_sections_unfolded = [ "Animation", "Transform" ]

[node name="Peribit" type="Sprite" parent="Players" index="3"]

position = Vector2( 64.1389, 78.5088 )
scale = Vector2( 0.25, 0.25 )
texture = ExtResource( 11 )
vframes = 4
hframes = 3
frame = 7
_sections_unfolded = [ "Animation", "Region", "Transform", "Z Index" ]

[node name="Camera2D" type="Camera2D" parent="." index="3"]

position = Vector2( 160, 90 )
anchor_mode = 1
rotating = false
current = true
zoom = Vector2( 0.25, 0.25 )
limit_left = -10000000
limit_top = -10000000
limit_right = 10000000
limit_bottom = 10000000
limit_smoothed = false
drag_margin_h_enabled = true
drag_margin_v_enabled = true
smoothing_enabled = false
smoothing_speed = 5.0
offset_v = 0.0
offset_h = 0.0
drag_margin_left = 0.2
drag_margin_top = 0.2
drag_margin_right = 0.2
drag_margin_bottom = 0.2
editor_draw_screen = true
editor_draw_limits = false
editor_draw_drag_margin = false
_sections_unfolded = [ "Transform" ]

[node name="every attack that needs a separate animation or sprite" type="Sprite" parent="." index="4"]

position = Vector2( 345.086, 62.2011 )
scale = Vector2( 0.25, 0.25 )
texture = ExtResource( 15 )
vframes = 4
hframes = 3
frame = 4
_sections_unfolded = [ "Animation", "Transform" ]

[node name="AnimationPlayer" type="AnimationPlayer" parent="." index="5"]

root_node = NodePath("..")
autoplay = ""
playback_process_mode = 1
playback_default_blend_time = 0.0
playback_speed = 1.0
"anims/Blade Dance" = SubResource( 3 )
"anims/Cold Fire" = SubResource( 4 )
"anims/Cure Wounds" = SubResource( 5 )
"anims/Eldrich Blast" = SubResource( 6 )
anims/EnemyMelee1 = SubResource( 7 )
anims/EnemyMelee2 = SubResource( 8 )
anims/EnemyMelee3 = SubResource( 9 )
anims/EnemyMelee4 = SubResource( 10 )
anims/Melee2 = SubResource( 11 )
anims/Melee4 = SubResource( 12 )
"anims/Peribit Melee" = SubResource( 13 )
"anims/Poison Spray" = SubResource( 14 )
anims/Rage = SubResource( 15 )
"anims/Rocks Fall" = SubResource( 16 )
anims/Swarm = SubResource( 17 )
blend_times = [  ]
_sections_unfolded = [ "Playback Options" ]

[node name="Cold Fire" type="AnimatedSprite" parent="AnimationPlayer" index="0"]

position = Vector2( 72.148, 99.0013 )
frames = SubResource( 18 )
animation = "default"
playing = true

[node name="Node2D" type="Node2D" parent="." index="6"]

position = Vector2( 291.136, 113.361 )
scale = Vector2( 0.25, 0.25 )

[node name="Sprite" type="Sprite" parent="Node2D" index="0"]

position = Vector2( -578.361, -1302.79 )
scale = Vector2( 5, 5 )
z_index = -1
texture = ExtResource( 16 )
_sections_unfolded = [ "Transform", "Z Index" ]

[node name="Tarrasque" type="Sprite" parent="." index="7"]

visible = false
position = Vector2( 249.933, 62.2891 )
z_index = 5
texture = ExtResource( 17 )
_sections_unfolded = [ "Visibility", "Z Index" ]

[connection signal="animation_finished" from="AnimationPlayer" to="." method="_on_finished_animation"]


